@ONLINE{w3_school,
  title = {{W3Schools Online Web Tutorials}},
  author = {{W3Schools}, {Refsnes Data}},
  owner = {{Refsnes Data}},
  publisher = {{Refsnes Data}},
  lastchecked = {11.02.2015},
  timestamp =   {11.02.2015},
  date =        {11.02.2015},
  edition = {2015},
  url = {http://www.w3schools.com/}
}

@ONLINE{typescript_node_starter,
title = {{TypeScript Node Starter}},
author = {{Bowden Kelly}},
owner = {{Bowden Kelly}},
publisher = {{Bowden Kelly}},
lastchecked = {31.03.2018},
timestamp = {31.03.2018},
date = {31.03.2018},
edition = {0.1.0},
url = {https://github.com/Microsoft/TypeScript-Node-Starter}
}

@ONLINE{TypeScript,
  title = {{TypeScript - JavaScript that scales.}},
  author = {{Microsoft}},
  owner = {{Microsoft}},
  publisher = {{Microsoft}},
  lastchecked = {31.03.2018},
  timestamp =   {31.03.2018},
  date =        {31.03.2018},
  edition = {2.8},
  url = {https://www.typescriptlang.org/index.html}
}

@ONLINE{socket.io,
  title = {{Socket.IO}},
  author = {{https://github.com/socketio/socket.io/graphs/contributors}},
  owner = {{}},
  publisher = {{}},
  lastchecked = {31.03.2018},
  timestamp =   {31.03.2018},
  date =        {13.06.2017},
  edition = {2.1.0},
  url = {https://socket.io/}
}

@ONLINE{nodejs,
  title = {{node.js}},
  author = {{Node.js Foundation}},
  owner = {{Node.js Foundation}},
  publisher = {{Node.js Foundation}},
  lastchecked = {31.03.2018},
  timestamp =   {31.03.2018},
  date =        {31.03.2018},
  edition = {9.4.0},
  url = {https://nodejs.org/en/}
}

@ONLINE{expressjs,
  title = {{express.js}},
  author = {{expressjs.com contributors}},
  owner = {{Node.js Foundation}},
  publisher = {{Node.js Foundation}},
  lastchecked = {31.03.2018},
  timestamp =   {31.03.2018},
  date =        {31.03.2018},
  edition = {4.16.2},
  url = {https://expressjs.com/}
}

@ONLINE{three.js,
  title = {{three}},
  author = {{https://github.com/mrdoob}},
  owner = {{https://github.com/mrdoob}},
  publisher = {{https://github.com/mrdoob}},
  lastchecked = {31.03.2018},
  timestamp =   {31.03.2018},
  date =        {31.03.2018},
  edition = {0.91.0},
  url = {https://threejs.org/}
}

@ONLINE{jQuery,
  title = {{jQuery - Webportal}},
  author = {{The jQuery Foundation}},
  owner = {{The jQuery Foundation}},
  publisher = {{The jQuery Foundation}},
  lastchecked = {31.03.2018},
  timestamp =   {31.03.2018},
  date =        {31.03.2018},
  url = {http://jquery.com/}
}


@ONLINE{the_secrets_of_archon,
  title = {{The Secrets Of Archon}},
  author = {{Medarch}},
  owner = {{VintageComputing.com}},
  publisher = {{VintageComputing.com}},
  lastchecked = {31.03.2018},
  timestamp =   {31.03.2018},
  date =        {16.12.2005},
  edition = {1.0},
  url = {http://www.vintagecomputing.com/index.php/archives/44}
}

@ONLINE{archon_computerspiel,
  title = {{Archon (Computerspiel)}},
  author = {Wikipedia},
  owner = {{Wikimedia Foundation Inc.}},
  publisher = {{Wikimedia Foundation Inc.}},
  lastchecked = {31.03.2018},
  timestamp =   {30.03.2018},
  date =        {30.03.2018},
  year = {2014},
  month = {Dezember},
  url = {https://de.wikipedia.org/wiki/Archon_(Computerspiel)}
}

@BOOK{game_programming_patters,
  title = {{Game Programming Patterns}},
  author = {Bob Nystrom},
  publisher = {{Genever Benning}},
  lastchecked = {31.03.2018},
  edition = {1. Auflage 2014},
  year = {2014},
  month = {November},
  url = {http://gameprogrammingpatterns.com/},
  isbn = {0990582906}
}

@ONLINE{mozilla_developer_network,
  title = {{MDN-Web-Dokumentation}},
  author = {Mozilla Contributors},
  owner = {{Mozilla Foundation}},
  publisher = {{Mozilla Foundation}},
  lastchecked = {31.03.2018},
  timestamp =   {31.03.2018},
  date =        {31.03.2018},
  url = {https://developer.mozilla.org/de/}
}

@ONLINE{visual_studio_code,
  title = {{Visual Studio Code}},
  author = {Microsoft},
  owner = {{Microsoft}},
  publisher = {{Microsoft}},
  lastchecked = {31.03.2018},
  timestamp =   {31.03.2018},
  date =        {31.03.2018},
  url = {https://code.visualstudio.com/}
}

@ONLINE{statista_absatz,
  title = {{Absatz von Tablets, PCs und Smartphones weltweit von 2010 bis 2017 und Prognose für 2022 (in Millionen Stück)}},
  author = {IDC},
  owner = {{IDC}},
  publisher = {{IDC}},
  lastchecked = {31.03.2018},
  timestamp =   {31.03.2018},
  date =        {31.03.2018},
  url = {https://de.statista.com/statistik/daten/studie/256337/umfrage/prognose-zum-weltweiten-absatz-von-tablets-pcs-und-smartphones/}
}